@article{GlobalBiodiversityOutlook32010,
author = {{Global Biodiversity Outlook 3}},
file = {:home/ralobat/.local/share/data/Mendeley Ltd./Mendeley Desktop/Downloaded/Global Biodiversity Outlook 3 - 2010 - Global biodiversity outlook 3.pdf:pdf},
journal = {Secretariat of the Convention on Biological Diversity, Montreal},
title = {{Global biodiversity outlook 3}},
url = {http://chm-thai.onep.go.th/chm/Doc/Publication/GBO1{\_}en/GBO1{\_}en.pdf},
year = {2010}
}
@article{DePalma2016,
abstract = {Land-use change and intensification threaten bee populations worldwide, imperilling pollination services. Global models are needed to better characterise, project, and mitigate bees' responses to these human impacts. The available data are, however, geographically and taxonomically unrepresentative; most data are from North America and Western Europe, overrepresenting bumblebees and raising concerns that model results may not be generalizable to other regions and taxa. To assess whether the geographic and taxonomic biases of data could undermine effectiveness of models for conservation policy, we have collated from the published literature a global dataset of bee diversity at sites facing land-use change and intensification, and assess whether bee responses to these pressures vary across 11 regions (Western, Northern, Eastern and Southern Europe; North, Central and South America; Australia and New Zealand; South East Asia; Middle and Southern Africa) and between bumblebees and other bees. Our analyses highlight strong regionally-based responses of total abundance, species richness and Simpson's diversity to land use, caused by variation in the sensitivity of species and potentially in the nature of threats. These results suggest that global extrapolation of models based on geographically and taxonomically restricted data may underestimate the true uncertainty, increasing the risk of ecological surprises.},
author = {{De Palma}, Adriana and Abrahamczyk, Stefan and Aizen, Marcelo A. and Albrecht, Matthias and Basset, Yves and Bates, Adam and Blake, Robin J. and Boutin, C{\'{e}}line and Bugter, Rob and Connop, Stuart and Cruz-L{\'{o}}pez, Leopoldo and Cunningham, Saul A. and Darvill, Ben and Diek{\"{o}}tter, Tim and Dorn, Silvia and Downing, Nicola and Entling, Martin H. and Farwig, Nina and Felicioli, Antonio and Fonte, Steven J. and Fowler, Robert and Franz{\'{e}}n, Markus and Goulson, Dave and Grass, Ingo and Hanley, Mick E. and Hendrix, Stephen D. and Herrmann, Farina and Herzog, Felix and Holzschuh, Andrea and Jauker, Birgit and Kessler, Michael and Knight, M. E. and Kruess, Andreas and Lavelle, Patrick and {Le F{\'{e}}on}, Violette and Lentini, Pia and Malone, Louise A. and Marshall, Jon and Pach{\'{o}}n, Eliana Mart{\'{i}}nez and McFrederick, Quinn S. and Morales, Carolina L. and Mudri-Stojnic, Sonja and Nates-Parra, Guiomar and Nilsson, Sven G. and {\"{O}}ckinger, Erik and Osgathorpe, Lynne and Parra-H, Alejandro and Peres, Carlos A. and Persson, Anna S. and Petanidou, Theodora and Poveda, Katja and Power, Eileen F. and Quaranta, Marino and Quintero, Carolina and Rader, Romina and Richards, Miriam H. and Roulston, Tai and Rousseau, Laurent and Sadler, Jonathan P. and Samneg{\aa}rd, Ulrika and Schellhorn, Nancy A. and Sch{\"{u}}epp, Christof and Schweiger, Oliver and Smith-Pardo, Allan H. and Steffan-Dewenter, Ingolf and Stout, Jane C. and Tonietto, Rebecca K. and Tscharntke, Teja and Tylianakis, Jason M. and Verboven, Hans A.F. and Vergara, Carlos H. and Verhulst, Jort and Westphal, Catrin and Yoon, Hyung Joo and Purvis, Andy},
doi = {10.1038/srep31153},
file = {:home/ralobat/Documents/PurvisProj/Papers/De Palma et al 2016 Scientific Reports.pdf:pdf},
isbn = {2045-2322 (Electronic)$\backslash$r2045-2322 (Linking)},
issn = {20452322},
journal = {Scientific Reports},
number = {July},
pages = {1--14},
pmid = {27509831},
title = {{Predicting bee community responses to land-use changes: Effects of geographic and taxonomic biases}},
volume = {6},
year = {2016}
}
@misc{ThePlantList2013,
author = {{The Plant List}},
title = {{Version 1.1. Published on the Internet;  http://www.theplantlist.org/(accessed 6th December).}},
url = {http://www.theplantlist.org/1.1/cite/},
urldate = {2018-12-06},
year = {2013}
}
@article{Hudson2017,
author = {Hudson, Lawrence N. and Newbold, Tim and Contu, Sara and Hill, Samantha L. L. and Lysenko, Igor and {De Palma}, Adriana and Phillips, Helen R. P. and Alhusseini, Tamera I. and Bedford, Felicity E. and Bennett, Dominic J. and Booth, Hollie and Burton, Victoria J. and Chng, Charlotte W. T. and Choimes, Argyrios and Correia, David L. P. and Day, Julie and Echeverr{\'{i}}a-Londo{\~{n}}o, Susy and Emerson, Susan R. and Gao, Di and Garon, Morgan and Harrison, Michelle L. K. and Ingram, Daniel J. and Jung, Martin and Kemp, Victoria and Kirkpatrick, Lucinda and Martin, Callum D. and Pan, Yuan and Pask-Hale, Gwilym D. and Pynegar, Edwin L. and Robinson, Alexandra N. and Sanchez-Ortiz, Katia and Senior, Rebecca A. and Simmons, Benno I. and White, Hannah J. and Zhang, Hanbin and Aben, Job and Abrahamczyk, Stefan and Adum, Gilbert B. and Aguilar-Barquero, Virginia and Aizen, Marcelo A. and Albertos, Bel{\'{e}}n and Alcala, E. L. and {del Mar Alguacil}, Maria and Alignier, Audrey and Ancrenaz, Marc and Andersen, Alan N. and Arbel{\'{a}}ez-Cort{\'{e}}s, Enrique and Armbrecht, Inge and Arroyo-Rodr{\'{i}}guez, V{\'{i}}ctor and Aumann, Tom and Axmacher, Jan C. and Azhar, Badrul and Azpiroz, Adri{\'{a}}n B. and Baeten, Lander and Bakayoko, Adama and B{\'{a}}ldi, Andr{\'{a}}s and Banks, John E. and Baral, Sharad K. and Barlow, Jos and Barratt, Barbara I. P. and Barrico, Lurdes and Bartolommei, Paola and Barton, Diane M. and Basset, Yves and Bat{\'{a}}ry, P{\'{e}}ter and Bates, Adam J. and Baur, Bruno and Bayne, Erin M. and Beja, Pedro and Benedick, Suzan and Berg, {\AA}ke and Bernard, Henry and Berry, Nicholas J. and Bhatt, Dinesh and Bicknell, Jake E. and Bihn, Jochen H. and Blake, Robin J. and Bobo, Kadiri S. and B{\'{o}}{\c{c}}on, Roberto and Boekhout, Teun and B{\"{o}}hning-Gaese, Katrin and Bonham, Kevin J. and Borges, Paulo A. V. and Borges, S{\'{e}}rgio H. and Boutin, C{\'{e}}line and Bouyer, J{\'{e}}r{\'{e}}my and Bragagnolo, Cibele and Brandt, Jodi S. and Brearley, Francis Q. and Brito, Isabel and Bros, Vicen{\c{c}} and Brunet, J{\"{o}}rg and Buczkowski, Grzegorz and Buddle, Christopher M. and Bugter, Rob and Buscardo, Erika and Buse, J{\"{o}}rn and Cabra-Garc{\'{i}}a, Jimmy and C{\'{a}}ceres, Nilton C. and Cagle, Nicolette L. and Calvi{\~{n}}o-Cancela, Mar{\'{i}}a and Cameron, Sydney A. and Cancello, Eliana M. and Caparr{\'{o}}s, Rut and Cardoso, Pedro and Carpenter, Dan and Carrijo, Tiago F. and Carvalho, Anelena L. and Cassano, Camila R. and Castro, Helena and Castro-Luna, Alejandro A. and Rolando, Cerda B. and Cerezo, Alexis and Chapman, Kim Alan and Chauvat, Matthieu and Christensen, Morten and Clarke, Francis M. and Cleary, Daniel F.R. and Colombo, Giorgio and Connop, Stuart P. and Craig, Michael D. and Cruz-L{\'{o}}pez, Leopoldo and Cunningham, Saul A. and D'Aniello, Biagio and D'Cruze, Neil and da Silva, Pedro Giov{\^{a}}ni and Dallimer, Martin and Danquah, Emmanuel and Darvill, Ben and Dauber, Jens and Davis, Adrian L. V. and Dawson, Jeff and de Sassi, Claudio and de Thoisy, Benoit and Deheuvels, Olivier and Dejean, Alain and Devineau, Jean-Louis and Diek{\"{o}}tter, Tim and Dolia, Jignasu V. and Dom{\'{i}}nguez, Erwin and Dominguez-Haydar, Yamileth and Dorn, Silvia and Draper, Isabel and Dreber, Niels and Dumont, Bertrand and Dures, Simon G. and Dynesius, Mats and Edenius, Lars and Eggleton, Paul and Eigenbrod, Felix and Elek, Zolt{\'{a}}n and Entling, Martin H. and Esler, Karen J. and de Lima, Ricardo F. and Faruk, Aisyah and Farwig, Nina and Fayle, Tom M. and Felicioli, Antonio and Felton, Annika M. and Fensham, Roderick J. and Fernandez, Ignacio C. and Ferreira, Catarina C. and Ficetola, Gentile F. and Fiera, Cristina and Filgueiras, Bruno K. C. and Fırıncıoğlu, H{\"{u}}seyin K. and Flaspohler, David and Floren, Andreas and Fonte, Steven J. and Fournier, Anne and Fowler, Robert E. and Franz{\'{e}}n, Markus and Fraser, Lauchlan H. and Fredriksson, Gabriella M. and Freire, Geraldo B. and Frizzo, Tiago L. M. and Fukuda, Daisuke and Furlani, Dario and Gaigher, Ren{\'{e}} and Ganzhorn, J{\"{o}}rg U. and Garc{\'{i}}a, Karla P. and Garcia-R, Juan C. and Garden, Jenni G. and Garilleti, Ricardo and Ge, Bao-Ming and Gendreau-Berthiaume, Benoit and Gerard, Philippa J. and Gheler-Costa, Carla and Gilbert, Benjamin and Giordani, Paolo and Giordano, Simonetta and Golodets, Carly and Gomes, Laurens G. L. and Gould, Rachelle K. and Goulson, Dave and Gove, Aaron D. and Granjon, Laurent and Grass, Ingo and Gray, Claudia L. and Grogan, James and Gu, Weibin and Guardiola, Mois{\`{e}}s and Gunawardene, Nihara R. and Gutierrez, Alvaro G. and Guti{\'{e}}rrez-Lamus, Doris L. and Haarmeyer, Daniela H. and Hanley, Mick E. and Hanson, Thor and Hashim, Nor R. and Hassan, Shombe N. and Hatfield, Richard G. and Hawes, Joseph E. and Hayward, Matt W. and H{\'{e}}bert, Christian and Helden, Alvin J. and Henden, John-Andr{\'{e}} and Henschel, Philipp and Hern{\'{a}}ndez, Lionel and Herrera, James P. and Herrmann, Farina and Herzog, Felix and Higuera-Diaz, Diego and Hilje, Branko and H{\"{o}}fer, Hubert and Hoffmann, Anke and Horgan, Finbarr G. and Hornung, Elisabeth and Horv{\'{a}}th, Roland and Hylander, Kristoffer and Isaacs-Cubides, Paola and Ishida, Hiroaki and Ishitani, Masahiro and Jacobs, Carmen T. and Jaramillo, V{\'{i}}ctor J. and Jauker, Birgit and Hern{\'{a}}ndez, F. Jim{\'{e}}nez and Johnson, McKenzie F. and Jolli, Virat and Jonsell, Mats and Juliani, S. Nur and Jung, Thomas S. and Kapoor, Vena and Kappes, Heike and Kati, Vassiliki and Katovai, Eric and Kellner, Klaus and Kessler, Michael and Kirby, Kathryn R. and Kittle, Andrew M. and Knight, Mairi E. and Knop, Eva and Kohler, Florian and Koivula, Matti and Kolb, Annette and Kone, Mouhamadou and Kőr{\"{o}}si, {\'{A}}d{\'{a}}m and Krauss, Jochen and Kumar, Ajith and Kumar, Raman and Kurz, David J. and Kutt, Alex S. and Lachat, Thibault and Lantschner, Victoria and Lara, Francisco and Lasky, Jesse R. and Latta, Steven C. and Laurance, William F. and Lavelle, Patrick and {Le F{\'{e}}on}, Violette and LeBuhn, Gretchen and L{\'{e}}gar{\'{e}}, Jean-Philippe and Lehouck, Val{\'{e}}rie and Lencinas, Mar{\'{i}}a V. and Lentini, Pia E. and Letcher, Susan G. and Li, Qi and Litchwark, Simon A. and Littlewood, Nick A. and Liu, Yunhui and Lo-Man-Hung, Nancy and L{\'{o}}pez-Quintero, Carlos A. and Louhaichi, Mounir and L{\"{o}}vei, Gabor L. and Lucas-Borja, Manuel Esteban and Luja, Victor H. and Luskin, Matthew S. and {MacSwiney G}, M Cristina and Maeto, Kaoru and Magura, Tibor and Mallari, Neil Aldrin and Malone, Louise A. and Malonza, Patrick K. and Malumbres-Olarte, Jagoba and Mandujano, Salvador and M{\aa}ren, Inger E. and Marin-Spiotta, Erika and Marsh, Charles J. and Marshall, E. J. P. and Mart{\'{i}}nez, Eliana and {Mart{\'{i}}nez Pastur}, Guillermo and {Moreno Mateos}, David and Mayfield, Margaret M. and Mazimpaka, Vicente and McCarthy, Jennifer L. and McCarthy, Kyle P. and McFrederick, Quinn S. and McNamara, Sean and Medina, Nagore G. and Medina, Rafael and Mena, Jose L. and Mico, Estefania and Mikusinski, Grzegorz and Milder, Jeffrey C. and Miller, James R. and Miranda-Esquivel, Daniel R. and Moir, Melinda L. and Morales, Carolina L. and Muchane, Mary N. and Muchane, Muchai and Mudri-Stojnic, Sonja and Munira, A. Nur and Muo{\~{n}}z-Alonso, Antonio and Munyekenye, B. F. and Naidoo, Robin and Naithani, A. and Nakagawa, Michiko and Nakamura, Akihiro and Nakashima, Yoshihiro and Naoe, Shoji and Nates-Parra, Guiomar and {Navarrete Gutierrez}, Dario A. and Navarro-Iriarte, Luis and Ndang'ang'a, Paul K. and Neuschulz, Eike L. and Ngai, Jacqueline T. and Nicolas, Violaine and Nilsson, Sven G. and Noreika, Norbertas and Norfolk, Olivia and Noriega, Jorge Ari and Norton, David A. and N{\"{o}}ske, Nicole M. and Nowakowski, A. Justin and Numa, Catherine and O'Dea, Niall and O'Farrell, Patrick J. and Oduro, William and Oertli, Sabine and Ofori-Boateng, Caleb and Oke, Christopher Omamoke and Oostra, Vicencio and Osgathorpe, Lynne M. and Otavo, Samuel Eduardo and Page, Navendu V. and Paritsis, Juan and Parra-H, Alejandro and Parry, Luke and Pe'er, Guy and Pearman, Peter B. and Pelegrin, Nicol{\'{a}}s and P{\'{e}}lissier, Rapha{\"{e}}l and Peres, Carlos A. and Peri, Pablo L. and Persson, Anna S. and Petanidou, Theodora and Peters, Marcell K. and Pethiyagoda, Rohan S. and Phalan, Ben and Philips, T. Keith and Pillsbury, Finn C. and Pincheira-Ulbrich, Jimmy and Pineda, Eduardo and Pino, Joan and Pizarro-Araya, Jaime and Plumptre, A. J. and Poggio, Santiago L. and Politi, Natalia and Pons, Pere and Poveda, Katja and Power, Eileen F. and Presley, Steven J. and Proen{\c{c}}a, V{\^{a}}nia and Quaranta, Marino and Quintero, Carolina and Rader, Romina and Ramesh, B. R. and Ramirez-Pinilla, Martha P. and Ranganathan, Jai and Rasmussen, Claus and Redpath-Downing, Nicola A. and Reid, J. Leighton and Reis, Yana T. and {Rey Benayas}, Jos{\'{e}} M. and Rey-Velasco, Juan Carlos and Reynolds, Chevonne and Ribeiro, Danilo Bandini and Richards, Miriam H. and Richardson, Barbara A. and Richardson, Michael J. and R{\'{i}}os, Rodrigo Macip and Robinson, Richard and Robles, Carolina A. and R{\"{o}}mbke, J{\"{o}}rg and Romero-Duque, Luz Piedad and R{\"{o}}s, Matthias and Rosselli, Loreta and Rossiter, Stephen J. and Roth, Dana S. and Roulston, T'ai H. and Rousseau, Laurent and Rubio, Andr{\'{e}} V. and Ruel, Jean-Claude and Sadler, Jonathan P. and S{\'{a}}fi{\'{a}}n, Szabolcs and Salda{\~{n}}a-V{\'{a}}zquez, Romeo A. and Sam, Katerina and Samneg{\aa}rd, Ulrika and Santana, Joana and Santos, Xavier and Savage, Jade and Schellhorn, Nancy A. and Schilthuizen, Menno and Schmiedel, Ute and Schmitt, Christine B. and Schon, Nicole L. and Sch{\"{u}}epp, Christof and Schumann, Katharina and Schweiger, Oliver and Scott, Dawn M. and Scott, Kenneth A. and Sedlock, Jodi L. and Seefeldt, Steven S. and Shahabuddin, Ghazala and Shannon, Graeme and Sheil, Douglas and Sheldon, Frederick H. and Shochat, Eyal and Siebert, Stefan J. and Silva, Fernando A. B. and Simonetti, Javier A. and Slade, Eleanor M. and Smith, Jo and Smith-Pardo, Allan H. and Sodhi, Navjot S. and Somarriba, Eduardo J. and Sosa, Ram{\'{o}}n A. and {Soto Quiroga}, Grimaldo and St-Laurent, Martin-Hugues and Starzomski, Brian M. and Stefanescu, Constanti and Steffan-Dewenter, Ingolf and Stouffer, Philip C. and Stout, Jane C. and Strauch, Ayron M. and Struebig, Matthew J. and Su, Zhimin and Suarez-Rubio, Marcela and Sugiura, Shinji and Summerville, Keith S. and Sung, Yik-Hei and Sutrisno, Hari and Svenning, Jens-Christian and Teder, Tiit and Threlfall, Caragh G. and Tiitsaar, Anu and Todd, Jacqui H. and Tonietto, Rebecca K. and Torre, Ignasi and T{\'{o}}thm{\'{e}}r{\'{e}}sz, B{\'{e}}la and Tscharntke, Teja and Turner, Edgar C. and Tylianakis, Jason M. and Uehara-Prado, Marcio and Urbina-Cardona, Nicolas and Vallan, Denis and Vanbergen, Adam J. and Vasconcelos, Heraldo L. and Vassilev, Kiril and Verboven, Hans A. F. and Verdasca, Maria Jo{\~{a}}o and Verd{\'{u}}, Jos{\'{e}} R. and Vergara, Carlos H. and Vergara, Pablo M. and Verhulst, Jort and Virgilio, Massimiliano and Vu, Lien Van and Waite, Edward M. and Walker, Tony R. and Wang, Hua-Feng and Wang, Yanping and Watling, James I. and Weller, Britta and Wells, Konstans and Westphal, Catrin and Wiafe, Edward D. and Williams, Christopher D. and Willig, Michael R. and Woinarski, John C. Z. and Wolf, Jan H. D. and Wolters, Volkmar and Woodcock, Ben A. and Wu, Jihua and Wunderle, Joseph M. and Yamaura, Yuichi and Yoshikura, Satoko and Yu, Douglas W. and Zaitsev, Andrey S. and Zeidler, Juliane and Zou, Fasheng and Collen, Ben and Ewers, Rob M. and Mace, Georgina M. and Purves, Drew W. and Scharlemann, J{\"{o}}rn P. W. and Purvis, Andy},
doi = {10.1002/ece3.2579},
file = {:home/ralobat/.local/share/data/Mendeley Ltd./Mendeley Desktop/Downloaded/Hudson et al. - 2017 - The database of the PREDICTS (Projecting Responses of Ecological Diversity In Changing Terrestrial Systems) pr(2).pdf:pdf},
issn = {20457758},
journal = {Ecology and Evolution},
keywords = {data sharing,global biodiversity modeling,global change,habitat destruction,land use},
month = {jan},
number = {1},
pages = {145--188},
publisher = {Wiley-Blackwell},
title = {{The database of the PREDICTS (Projecting Responses of Ecological Diversity In Changing Terrestrial Systems) project}},
url = {http://doi.wiley.com/10.1002/ece3.2579},
volume = {7},
year = {2017}
}
@techreport{WWF2016,
address = {Gland, Switzerland},
author = {WWF},
doi = {978-2-940529-40-7},
file = {:home/ralobat/.local/share/data/Mendeley Ltd./Mendeley Desktop/Downloaded/WWF - 2016 - Living Planet Report 2016 Risk and resilience in a new era.pdf:pdf},
institution = {WWF International},
pages = {74},
title = {{Living Planet Report 2016 Risk and resilience in a new era}},
url = {https://www.zsl.org/sites/default/files/media/2016-10/LPR{\_}2016{\_}Full Report.pdf},
year = {2016}
}
